<record><leader>00000cas a22000007a 4500</leader><controlfield tag="001">26155047</controlfield><controlfield tag="008">920709d18981902nmuwr ne      0    0eng d</controlfield><controlfield tag="009">15302</controlfield><datafield ind1=" " ind2=" " tag="010"><subfield code="a">sn 92070444 </subfield></datafield><datafield ind1=" " ind2=" " tag="040"><subfield code="a">NVM</subfield><subfield code="b">eng</subfield><subfield code="c">NVM</subfield><subfield code="d">DLC</subfield><subfield code="d">NVM</subfield><subfield code="d">OCLCQ</subfield></datafield><datafield ind1="1" ind2=" " tag="029"><subfield code="a">AU@</subfield><subfield code="b">000020705160</subfield></datafield><datafield ind1=" " ind2=" " tag="042"><subfield code="a">msc</subfield></datafield><datafield ind1=" " ind2=" " tag="043"><subfield code="a">n-us-nm</subfield></datafield><datafield ind1="0" ind2="4" tag="245"><subfield code="a">The Taos cresset.</subfield></datafield><datafield ind1=" " ind2=" " tag="260"><subfield code="a">Taos, N.M. :</subfield><subfield code="b">Cresset Pub.</subfield></datafield><datafield ind1=" " ind2=" " tag="300"><subfield code="a">v.</subfield></datafield><datafield ind1=" " ind2=" " tag="310"><subfield code="a">Weekly</subfield></datafield><datafield ind1="0" ind2=" " tag="362"><subfield code="a">Vol. 4, no. 48 (Nov. 3, 1898)-</subfield></datafield><datafield ind1="1" ind2=" " tag="362"><subfield code="a">Ceased with June 25, 1902.</subfield><subfield code="z">Grove, Pearce S. /New Mexico newspapers.</subfield></datafield><datafield ind1=" " ind2="4" tag="651"><subfield code="a">Taos (N.M.)</subfield><subfield code="v">Newspapers.</subfield></datafield><datafield ind1=" " ind2="4" tag="651"><subfield code="a">Taos County (N.M.)</subfield><subfield code="v">Newspapers.</subfield></datafield><datafield ind1=" " ind2=" " tag="752"><subfield code="a">United States</subfield><subfield code="b">New Mexico</subfield><subfield code="c">Taos</subfield><subfield code="d">Taos.</subfield></datafield><datafield ind1="0" ind2="0" tag="780"><subfield code="t">Cresset (Taos, N.M.)</subfield><subfield code="w">(DLC)sn 92070445</subfield></datafield><datafield ind1="0" ind2="7" tag="785"><subfield code="t">Revista de Taos (Taos, N.M. : 1902)</subfield><subfield code="w">(DLC)sn 93061756</subfield></datafield><datafield ind1="0" ind2="7" tag="785"><subfield code="t">Revista de Taos and the Taos cresset</subfield><subfield code="w">(DLC)sn 93061755</subfield></datafield></record>